    @webpage{deoldify,
        author =       "{Antic}, Jason",
        title =        "DeOldify",
        howpublished = "online",
        year =         2018,
        month =        oct,
        url =          "https://github.com/jantic/DeOldify",
        cited =        "2021-05-28"
    }
    
    @ARTICLE{sagan,
       author = {{Zhang}, Han and {Goodfellow}, Ian and {Metaxas}, Dimitris and {Odena}, Augustus},
        title = "{Self-Attention Generative Adversarial Networks}",
      journal = {arXiv e-prints},
     keywords = {Statistics - Machine Learning, Computer Science - Machine Learning},
         year = 2018,
        month = may,
          eid = {arXiv:1805.08318},
        pages = {arXiv:1805.08318},
archivePrefix = {arXiv},
       eprint = {1805.08318},
 primaryClass = {stat.ML},
       adsurl = {https://ui.adsabs.harvard.edu/abs/2018arXiv180508318Z},
      adsnote = {Provided by the SAO/NASA Astrophysics Data System}
}

@ARTICLE{ttur,
       author = {{Heusel}, Martin and {Ramsauer}, Hubert and {Unterthiner}, Thomas and {Nessler}, Bernhard and {Hochreiter}, Sepp},
        title = "{GANs Trained by a Two Time-Scale Update Rule Converge to a Local Nash Equilibrium}",
      journal = {arXiv e-prints},
     keywords = {Computer Science - Machine Learning, Statistics - Machine Learning},
         year = 2017,
        month = jun,
          eid = {arXiv:1706.08500},
        pages = {arXiv:1706.08500},
archivePrefix = {arXiv},
       eprint = {1706.08500},
 primaryClass = {cs.LG},
       adsurl = {https://ui.adsabs.harvard.edu/abs/2017arXiv170608500H},
      adsnote = {Provided by the SAO/NASA Astrophysics Data System}
}

